\usepackage[style=alphabetic,maxnames=4,minnames=3,maxbibnames=99]{biblatex}


@mastersthesis { 1011075648.nh,
author = { 张旭虎 },
title = {GaN耿氏二极管及振荡器设计},
school = {西安电子科技大学},
year = {2011}
}

@conference{ZDWB201505001365,
author = {  李亮 and     张瑾 and 张俊},
 title = {一种应用于太赫兹频段的AlGaN/GaN耿氏二极管研究},
booktitle = {2015年全国微波毫米波会议论文集},
year = {2015},
pages = {1363-1366},
publisher = {扬州海科电子科技有限公司;中船重工第723研究所;}
}    
@mastersthesis{1019000519.nh,
author = {李玉梅},
 title = {GaN基太赫兹耿氏二极管结构及工艺研究},
school = {西安电子科技大学},
year = {2018}
}    
@mastersthesis{1014319533.nh,
author = {姚慧},
 title = {THz波段GaN耿氏二极管非线性模型及振荡器研究},
school = {西安电子科技大学},
year = {2014}
}    
@article{XXYD201302031,
author = {  白阳 and     贾锐 and     金智 and     刘新宇 and 武德起},
title = {基于耿氏效应的太赫兹器件的研究进展},
journal = {太赫兹科学与电子信息学报},
volume = {11},
number = {02},
pages = {314-318+322},
year = {2013},
issn = {2095-4980},
}    
@mastersthesis { 1024461719.nh,
author = { 闫鹏 },
title = {GaN基自开关二极管耿氏振荡研究},
school = {西安电子科技大学},
year = {2023}
}
@patent{cn104022222b,
  title={基于AlGaN/GaN超晶格电子发射层GaN耿氏二极管及其制作方法},
  author={杨秋安 and 许洋洋 and 李亮 and 张连成 and 靳跃},
  number={CN104022222B},
  country={中国},
  application_date={2014-06-18},
  priority_date={2014-06-18},
  publication_date={2017-01-11},
  abstract={本发明公开了一种基于AlGaN/GaN超晶格电子发射层GaN耿氏二极管及其制作方法，主要解决现有耿氏器件功率低、散热差的问题。},
  language={English},
  status={Expired},
  note={Application filed by Xidian University; Current Assignee: Jinjiang Sanwu Microelectronics Co. Ltd.}
}

@article{khalid2007planar,
  title={A planar Gunn diode operating above 100 GHz},
  author={Khalid, A and Pilgrim, NJ and Dunn, GM and Holland, MC and Stanley, CR and Thayne, IG and Cumming, DRS},
  journal={IEEE Electron Device Letters},
  volume={28},
  number={10},
  pages={849--851},
  year={2007},
  publisher={IEEE}
}

@article{kolnik1995electronic,
  title={Electronic transport studies of bulk zincblende and wurtzite phases of GaN based on an ensemble Monte Carlo calculation including a full zone band structure},
  author={Kolnik, Jan and O{\u{g}}uzman, {\.I}smail H and Brennan, Kevin F and Wang, Rongping and Ruden, P Paul and Wang, Yang},
  journal={Journal of Applied Physics},
  volume={78},
  number={2},
  pages={1033--1038},
  year={1995},
  publisher={American Institute of Physics}
}

@article{suzuki1995first,
  title={First-principles calculations of effective-mass parameters of AlN and GaN},
  author={Suzuki, Masakatsu and Uenoyama, Takeshi and Yanase, Akira},
  journal={Physical Review B},
  volume={52},
  number={11},
  pages={8132},
  year={1995},
  publisher={APS}
}

@article{kroemer1964theory,
  title={Theory of the Gunn effect},
  author={Kroemer, Herbert},
  journal={Proceedings of the IEEE},
  volume={52},
  number={12},
  pages={1736--1736},
  year={1964},
  publisher={IEEE}
}