@article{wang2024towards,
  title={Towards integrated textile display systems},
  author={Wang, Zhen and Liu, Yue and Zhou, Zihao and Chen, Peining and Peng, Huisheng},
  journal={Nature Reviews Electrical Engineering},
  volume={1},
  number={7},
  pages={466--477},
  year={2024},
  publisher={Nature Publishing Group UK London}
}
@inproceedings{kim2013indium,
  title={Indium phosphide (InP) colloidal quantum dot based light-emitting diodes designed on Flexible PEN substrate},
  author={Kim, Yohan and Greco, Tonino and Ippen, Christian and Wedel, Armin and Kim, Jiwan},
  booktitle={2013 IEEE 5th International Nanoelectronics Conference (INEC)},
  pages={425--427},
  year={2013},
  organization={IEEE}
}
@article{jung2021modelling,
  title={Modelling charge transport and electro-optical characteristics of quantum dot light-emitting diodes},
  author={Jung, Sung-Min and Lee, Tae Hoon and Bang, Sang Yun and Han, Soo Deok and Shin, Dong-Wook and Lee, Sanghyo and Choi, Hyung Woo and Suh, Yo-Han and Fan, Xiang-Bing and Jo, Jeong-Wan and others},
  journal={npj Computational Materials},
  volume={7},
  number={1},
  pages={122},
  year={2021},
  publisher={Nature Publishing Group UK London}
}
@article{won2019highly,
  title={Highly efficient and stable InP/ZnSe/ZnS quantum dot light-emitting diodes},
  author={Won, Yu-Ho and Cho, Oul and Kim, Taehyung and Chung, Dae-Young and Kim, Taehee and Chung, Heejae and Jang, Hyosook and Lee, Junho and Kim, Dongho and Jang, Eunjoo},
  journal={Nature},
  volume={575},
  number={7784},
  pages={634--638},
  year={2019},
  publisher={Nature Publishing Group UK London}
}
@article{choi2018flexible,
  title={Flexible quantum dot light-emitting diodes for next-generation displays},
  author={Choi, Moon Kee and Yang, Jiwoong and Hyeon, Taeghwan and Kim, Dae-Hyeong},
  journal={npj Flexible Electronics},
  volume={2},
  number={1},
  pages={10},
  year={2018},
  publisher={Nature Publishing Group UK London}
}
@article{qin2024structurally,
  title={Structurally altered size, composition, shape and interface-dependent optical properties of quantized nanomaterials},
  author={Qin, Neng and Han, Hui and Guan, Guijian and Han, Ming-Yong},
  journal={Nano Research},
  pages={1--27},
  year={2024},
  publisher={Springer}
}
@article{jang2023quantum,
  title={Quantum dot light-emitting diodes},
  author={Jang, Eunjoo and Jang, Hyosook},
  journal={Chemical Reviews},
  volume={123},
  number={8},
  pages={4663--4692},
  year={2023},
  publisher={ACS Publications}
}
@article{liu2020micro,
  title={Micro-light-emitting diodes with quantum dots in display technology},
  author={Liu, Zhaojun and Lin, Chun-Ho and Hyun, Byung-Ryool and Sher, Chin-Wei and Lv, Zhijian and Luo, Bingqing and Jiang, Fulong and Wu, Tom and Ho, Chih-Hsiang and Kuo, Hao-Chung and others},
  journal={Light: Science \& Applications},
  volume={9},
  number={1},
  pages={83},
  year={2020},
  publisher={Nature Publishing Group UK London}
}
@article{bang2021technology,
  title={Technology progress on quantum dot light-emitting diodes for next-generation displays},
  author={Bang, Sang Yun and Suh, Yo-Han and Fan, Xiang-Bing and Shin, Dong-Wook and Lee, Sanghyo and Choi, Hyung Woo and Lee, Tae Hoon and Yang, Jiajie and Zhan, Shijie and Harden-Chaters, William and others},
  journal={Nanoscale horizons},
  volume={6},
  number={2},
  pages={68--77},
  year={2021},
  publisher={Royal Society of Chemistry}
}